<record><leader>00000cas a22000007a 4500</leader><controlfield tag="001">9897955</controlfield><controlfield tag="008">830912d18891891txuwr ne      0   a0eng d</controlfield><datafield ind1=" " ind2=" " tag="010"><subfield code="a">sn 83026372 </subfield></datafield><datafield ind1=" " ind2=" " tag="040"><subfield code="a">NPV</subfield><subfield code="b">eng</subfield><subfield code="c">NPV</subfield><subfield code="d">PPM</subfield><subfield code="d">CRL</subfield><subfield code="d">OCLCF</subfield><subfield code="d">OCLCO</subfield></datafield><datafield ind1="1" ind2=" " tag="029"><subfield code="a">AU@</subfield><subfield code="b">000020414326</subfield></datafield><datafield ind1=" " ind2=" " tag="042"><subfield code="a">msc</subfield></datafield><datafield ind1=" " ind2=" " tag="043"><subfield code="a">n-us-tx</subfield></datafield><datafield ind1=" " ind2=" " tag="045"><subfield code="a">w8w9</subfield></datafield><datafield ind1=" " ind2=" " tag="052"><subfield code="a">4033</subfield><subfield code="b">D22</subfield></datafield><datafield ind1="0" ind2="4" tag="245"><subfield code="a">The southern Mercury, Texas Farmers' Alliance advocate.</subfield></datafield><datafield ind1="1" ind2="7" tag="246"><subfield code="a">Southern Mercury.</subfield></datafield><datafield ind1=" " ind2=" " tag="260"><subfield code="a">Dallas, Tex. :</subfield><subfield code="b">State Alliance Printing Board,</subfield><subfield code="c">1889-1891.</subfield></datafield><datafield ind1=" " ind2=" " tag="300"><subfield code="a">3 v. :</subfield><subfield code="b">ill. (chiefly advertisements)</subfield></datafield><datafield ind1=" " ind2=" " tag="310"><subfield code="a">Weekly</subfield></datafield><datafield ind1="0" ind2=" " tag="362"><subfield code="a">Vol. 8, no. 31 (Aug. 1, 1889)-v. 10, no. 22 (May 21, 1891) = whole no. 379-473.</subfield></datafield><datafield ind1=" " ind2=" " tag="530"><subfield code="a">Also available on microfilm from UMI.</subfield></datafield><datafield ind1=" " ind2=" " tag="550"><subfield code="a">Official journal of the Farmers' State Alliance of Texas.</subfield></datafield><datafield ind1=" " ind2=" " tag="550"><subfield code="a">Official organ of the Texas Farmers' State and Industrial Union--Publisher's block, Jan. 8-May 21, 1891.</subfield></datafield><datafield ind1=" " ind2=" " tag="500"><subfield code="a">Editor: &lt;Dec. 12, 1889-Sept. 25, 1890&gt; Sam H. Dixon.</subfield></datafield><datafield ind1=" " ind2=" " tag="500"><subfield code="a">Editor: &lt;1890-1891&gt; Milton Park.</subfield></datafield><datafield ind1=" " ind2="0" tag="651"><subfield code="a">Dallas (Tex.)</subfield><subfield code="v">Newspapers.</subfield></datafield><datafield ind1=" " ind2="7" tag="655"><subfield code="a">Newspapers.</subfield><subfield code="2">fast</subfield><subfield code="0">(OCoLC)fst01423814</subfield></datafield><datafield ind1=" " ind2="7" tag="651"><subfield code="a">Texas</subfield><subfield code="z">Dallas.</subfield><subfield code="2">fast</subfield><subfield code="0">(OCoLC)fst01204635</subfield></datafield><datafield ind1="2" ind2=" " tag="710"><subfield code="a">Grand State Farmers' Alliance of Texas.</subfield></datafield><datafield ind1="2" ind2=" " tag="710"><subfield code="a">Texas Farmers' State and Industrial Union.</subfield></datafield><datafield ind1=" " ind2=" " tag="752"><subfield code="a">United States</subfield><subfield code="b">Texas</subfield><subfield code="c">Dallas</subfield><subfield code="d">Dallas.</subfield></datafield><datafield ind1="0" ind2="0" tag="780"><subfield code="t">Southern Mercury (Dallas, Tex. : 1887)</subfield><subfield code="w">(DLC)sn 83026373</subfield></datafield><datafield ind1="0" ind2="5" tag="780"><subfield code="t">Southwest</subfield><subfield code="w">(DLC)sn 86088626</subfield></datafield><datafield ind1="0" ind2="0" tag="785"><subfield code="t">Southern Mercury (Dallas, Tex. : 1891)</subfield><subfield code="w">(DLC)sn 83026376</subfield></datafield></record>